<record><leader>00000cas a2200000 a 4500</leader><controlfield tag="001">40876048</controlfield><controlfield tag="008">990301u1960uuuumiu x n       0    0eng c</controlfield><datafield ind1=" " ind2=" " tag="010"><subfield code="a">sn 99065013 </subfield></datafield><datafield ind1=" " ind2=" " tag="040"><subfield code="a">MHN</subfield><subfield code="b">eng</subfield><subfield code="c">MHN</subfield><subfield code="d">OCL</subfield><subfield code="d">OCLCQ</subfield><subfield code="d">OCLCF</subfield><subfield code="d">OCLCO</subfield></datafield><datafield ind1="1" ind2=" " tag="029"><subfield code="a">AU@</subfield><subfield code="b">000020041769</subfield></datafield><datafield ind1=" " ind2=" " tag="042"><subfield code="a">pcc</subfield></datafield><datafield ind1=" " ind2=" " tag="043"><subfield code="a">n-us-mi</subfield></datafield><datafield ind1="0" ind2="0" tag="245"><subfield code="a">Boyne Mountain news.</subfield></datafield><datafield ind1="3" ind2=" " tag="246"><subfield code="a">Boyne Mt. news</subfield></datafield><datafield ind1=" " ind2=" " tag="260"><subfield code="a">Boyne Falls, Mich. :</subfield><subfield code="b">Gregg Smith</subfield></datafield><datafield ind1=" " ind2=" " tag="300"><subfield code="a">v.</subfield></datafield><datafield ind1=" " ind2=" " tag="310"><subfield code="a">Irregular</subfield></datafield><datafield ind1="0" ind2=" " tag="362"><subfield code="a">Vol. 1, no. 1 (Feb. 18, 1960)-</subfield></datafield><datafield ind1=" " ind2=" " tag="580"><subfield code="a">Vol. 1, no. 1 (Feb. 18, 1960)-&lt;v. 2, no. 5 (Dec. 29, 1960)&gt; published in: Boyne citizen, Feb. 18-Dec. 29, 1960.</subfield></datafield><datafield ind1=" " ind2="0" tag="651"><subfield code="a">Boyne Falls (Mich.)</subfield><subfield code="v">Newspapers.</subfield></datafield><datafield ind1=" " ind2="0" tag="651"><subfield code="a">Boyne City (Mich.)</subfield><subfield code="v">Newspapers.</subfield></datafield><datafield ind1=" " ind2="0" tag="651"><subfield code="a">Charlevoix County (Mich.)</subfield><subfield code="v">Newspapers.</subfield></datafield><datafield ind1=" " ind2="7" tag="655"><subfield code="a">Newspapers.</subfield><subfield code="2">fast</subfield><subfield code="0">(OCoLC)fst01423814</subfield></datafield><datafield ind1=" " ind2="7" tag="651"><subfield code="a">Michigan</subfield><subfield code="z">Boyne City.</subfield><subfield code="2">fast</subfield><subfield code="0">(OCoLC)fst01214905</subfield></datafield><datafield ind1=" " ind2="7" tag="651"><subfield code="a">Michigan</subfield><subfield code="z">Boyne Falls.</subfield><subfield code="2">fast</subfield><subfield code="0">(OCoLC)fst01214578</subfield></datafield><datafield ind1=" " ind2="7" tag="651"><subfield code="a">Michigan</subfield><subfield code="z">Charlevoix County.</subfield><subfield code="2">fast</subfield><subfield code="0">(OCoLC)fst01211332</subfield></datafield><datafield ind1=" " ind2=" " tag="752"><subfield code="a">United States</subfield><subfield code="b">Michigan</subfield><subfield code="c">Charlevoix</subfield><subfield code="d">Boyne City.</subfield></datafield><datafield ind1="1" ind2=" " tag="777"><subfield code="t">Boyne citizen</subfield><subfield code="w">(DLC)sn 89080000</subfield><subfield code="w">(OCoLC)22341716</subfield></datafield></record>